@article{murthy2011content,
  title   = {Content based image retrieval for medical images using canny edge detection algorithm},
  author  = {Murthy, B and Chandran, K R},
  journal = {International Journal of Computer Applications},
  volume  = {17},
  number  = {6},
  pages   = {32--37},
  year    = {2011}
}

@article{mehena2013medical,
  title   = {Medical images edge detection based on mathematical morphology},
  author  = {Mehena, J},
  journal = {Journal of Computer and Communication Technology},
  volume  = {4},
  number  = {1},
  pages   = {2},
  year    = {2013}
}

@article{shokhan2014efficient,
  title   = {An efficient approach for improving canny edge detection algorithm},
  author  = {Shokhan, M H},
  journal = {International journal of advances in engineering \& technology},
  volume  = {7},
  number  = {1},
  pages   = {59},
  year    = {2014}
}

@article{mao2017swarm,
  title   = {A swarm intelligence based medical image edge detection method with adaptive gradient},
  author  = {Mao, R},
  journal = {Journal of Medical Imaging and Health Informatics},
  volume  = {7},
  number  = {5},
  pages   = {1087--1092},
  year    = {2017}
}

@article{qian2019medical,
  title   = {Medical image edge detection algorithm based on improved Canny operator},
  author  = {Qian, H},
  journal = {Software Guide},
  volume  = {18},
  number  = {02},
  pages   = {45--48},
  year    = {2019}
}

@article{xiao2019application,
  title   = {Application of Sobel Operator in Medical Image Edge Detection},
  author  = {Xiao, X M},
  journal = {Computers and Networks},
  volume  = {45},
  number  = {04},
  pages   = {39--41},
  year    = {2019}
}

@article{liu2020improvement,
  title   = {Improvement of sub-pixel edge detection method in medical images},
  author  = {Liu, P and Li, DG},
  journal = {Electronic Technology and Software Engineering},
  number  = {06},
  pages   = {214--215},
  year    = {2020}
}

@article{chang2017flexible,
  title     = {A flexible contrast enhancement method with visual effects and brightness preservation: Histogram planting},
  author    = {Chang, Y. C.},
  journal   = {Computers and Electrical Engineering},
  volume    = {63},
  pages     = {178--190},
  year      = {2017},
  publisher = {Elsevier}
}

@article{singh2017novel,
  title     = {A novel optimally weighted framework of piecewise gamma corrected fractional order masking for satellite image enhancement},
  author    = {Singh, H. and Kumar, A. and Balyan, L.K. and Singh, G.K.},
  journal   = {Computers and Electrical Engineering},
  volume    = {62},
  pages     = {290--310},
  year      = {2017},
  publisher = {Elsevier}
}

@article{grinias2016mrf,
  title     = {MRF-based segmentation and unsupervised classification for building and road detection in peri-urban areas of high-resolution satellite images},
  author    = {Grinias, I. and Panagiotakis, C. and Tziritas, G.},
  journal   = {ISPRS Journal of Photogrammetry and Remote Sensing},
  volume    = {122},
  pages     = {145--166},
  year      = {2016},
  publisher = {Elsevier}
}

@article{zhang2017saliency,
  title     = {Saliency detection and region of interest extraction based on multi-image common saliency analysis in satellite images},
  author    = {Zhang, L. and Sun, Q.},
  journal   = {Neurocomputing},
  volume    = {283},
  pages     = {150--165},
  year      = {2017},
  publisher = {Elsevier}
}

@article{sedaghat2017uniform,
  title     = {Uniform competency-based local feature extraction for remote sensing images},
  author    = {Sedaghat, A. and Mohammadi, N.},
  journal   = {ISPRS Journal of Photogrammetry and Remote Sensing},
  volume    = {135},
  pages     = {142--157},
  year      = {2017},
  publisher = {Elsevier}
}

@article{maurya2016social,
  title     = {A social spider optimized image fusion approach for contrast enhancement and brightness preservation},
  author    = {Maurya, L. and Mahapatra, P.K. and Kumar, A.},
  journal   = {Applied Soft Computing},
  volume    = {52},
  pages     = {575--592},
  year      = {2016},
  publisher = {Elsevier}
}

@article{ma2017review,
  title     = {A review of supervised object-based land-cover image classification},
  author    = {Ma, L. and Li, M. and Ma, X. and Cheng, L. and Du, P. and Liu, Y.},
  journal   = {ISPRS Journal of Photogrammetry and Remote Sensing},
  volume    = {130},
  pages     = {277--293},
  year      = {2017},
  publisher = {Elsevier}
}

@article{liu2017learning,
  title     = {Learning Multiscale Deep Features for High-Resolution Satellite Image Scene Classification},
  author    = {Liu, Q. and Hang, R. and Song, H. and Li, Z.},
  journal   = {IEEE Transactions on Geoscience and Remote Sensing},
  volume    = {56},
  number    = {1},
  pages     = {117--126},
  year      = {2017},
  publisher = {IEEE}
}

@article{harris2020array,
  title     = {Array programming with {NumPy}},
  author    = {Charles R. Harris and K. Jarrod Millman and St{\'{e}}fan J.
               van der Walt and Ralf Gommers and Pauli Virtanen and David
               Cournapeau and Eric Wieser and Julian Taylor and Sebastian
               Berg and Nathaniel J. Smith and Robert Kern and Matti Picus
               and Stephan Hoyer and Marten H. van Kerkwijk and Matthew
               Brett and Allan Haldane and Jaime Fern{\'{a}}ndez del
               R{\'{i}}o and Mark Wiebe and Pearu Peterson and Pierre
               G{\'{e}}rard-Marchant and Kevin Sheppard and Tyler Reddy and
               Warren Weckesser and Hameer Abbasi and Christoph Gohlke and
               Travis E. Oliphant},
  year      = {2020},
  month     = sep,
  journal   = {Nature},
  volume    = {585},
  number    = {7825},
  pages     = {357--362},
  doi       = {10.1038/s41586-020-2649-2},
  publisher = {Springer Science and Business Media {LLC}},
  url       = {https://doi.org/10.1038/s41586-020-2649-2}
}

@article{opencv_library,
  author               = {Bradski, G.},
  citeulike-article-id = {2236121},
  journal              = {Dr. Dobb's Journal of Software Tools},
  keywords             = {bibtex-import},
  posted-at            = {2008-01-15 19:21:54},
  priority             = {4},
  title                = {{The OpenCV Library}},
  year                 = {2000}
}

@article{van2014scikit,
  title={scikit-image: image processing in Python},
  author={Van der Walt, Stefan and Sch{\"o}nberger, Johannes L and Nunez-Iglesias, Juan and Boulogne, Fran{\c{c}}ois and Warner, Joshua D and Yager, Neil and Gouillart, Emmanuelle and Yu, Tony},
  journal={PeerJ},
  volume={2},
  pages={e453},
  year={2014},
  publisher={PeerJ Inc.}
}

@misc{
                            pklot-raw_dataset,
                            title = { PKLot raw Dataset },
                            type = { Open Source Dataset },
                            author = { Thesis },
                            howpublished = { \url{ https://universe.roboflow.com/thesis-upy7y/pklot-raw } },
                            url = { https://universe.roboflow.com/thesis-upy7y/pklot-raw },
                            journal = { Roboflow Universe },
                            publisher = { Roboflow },
                            year = { 2024 },
                            month = { jul },
                            note = { visited on 2025-01-18 },
                            }